@article{grey1977multidimensional,
  title={Multidimensional perceptual scaling of musical timbres},
  author={Grey, John M},
  journal={the Journal of the Acoustical Society of America},
  volume={61},
  number={5},
  pages={1270--1277},
  year={1977},
  publisher={ASA}
}

@article{marozeau2003dependency,
  title={The dependency of timbre on fundamental frequency},
  author={Marozeau, Jeremy and de Cheveign{\'e}, Alain and McAdams, Stephen and Winsberg, Suzanne},
  journal={The Journal of the Acoustical Society of America},
  volume={114},
  number={5},
  pages={2946--2957},
  year={2003},
  publisher={ASA}
}

@article{tzanetakis2002musical,
  title={Musical genre classification of audio signals},
  author={Tzanetakis, George and Cook, Perry},
  journal={IEEE Transactions on speech and audio processing},
  volume={10},
  number={5},
  pages={293--302},
  year={2002},
  publisher={IEEE}
}

@article{dau1997modeling,
  title={Modeling auditory processing of amplitude modulation. I. Detection and masking with narrow-band carriers},
  author={Dau, Torsten and Kollmeier, Birger and Kohlrausch, Armin},
  journal={The Journal of the Acoustical Society of America},
  volume={102},
  number={5},
  pages={2892--2905},
  year={1997},
  publisher={ASA}
}

@article{grey1978perceptual,
  title={Perceptual effects of spectral modifications on musical timbres},
  author={Grey, John M and Gordon, John W},
  journal={The Journal of the Acoustical Society of America},
  volume={63},
  number={5},
  pages={1493--1500},
  year={1978},
  publisher={ASA}
}

@article{patil2012music,
  title={Music in our ears: the biological bases of musical timbre perception},
  author={Patil, Kailash and Pressnitzer, Daniel and Shamma, Shihab and Elhilali, Mounya},
  journal={PLoS computational biology},
  volume={8},
  number={11},
  pages={e1002759},
  year={2012},
  publisher={Public Library of Science}
}

@article{agus2012fast,
  title={Fast recognition of musical sounds based on timbre},
  author={Agus, Trevor R and Suied, Clara and Thorpe, Simon J and Pressnitzer, Daniel},
  journal={The Journal of the Acoustical Society of America},
  volume={131},
  number={5},
  pages={4124--4133},
  year={2012},
  publisher={ASA}
}

@article{yang1992auditory,
  title={Auditory representations of acoustic signals},
  author={Yang, Xiaowei and Wang, Kuansan and Shamma, Shihab A},
  journal={IEEE transactions on information theory},
  volume={38},
  number={2},
  pages={824--839},
  year={1992},
  publisher={IEEE}
}

@article{mesgarani2006discrimination,
  title={Discrimination of speech from nonspeech based on multiscale spectro-temporal modulations},
  author={Mesgarani, Nima and Slaney, Malcolm and Shamma, Shihab A},
  journal={IEEE Transactions on Audio, Speech, and Language Processing},
  volume={14},
  number={3},
  pages={920--930},
  year={2006},
  publisher={IEEE}
}

@article{burred2010dynamic,
  title={Dynamic spectral envelope modeling for timbre analysis of musical instrument sounds},
  author={Burred, Juan Jos{\'e} and Robel, Axel and Sikora, Thomas},
  journal={IEEE Transactions on Audio, Speech, and Language Processing},
  volume={18},
  number={3},
  pages={663--674},
  year={2010},
  publisher={IEEE}
}

@article{anden2014deep,
  title={Deep scattering spectrum},
  author={And{\'e}n, Joakim and Mallat, St{\'e}phane},
  journal={IEEE Transactions on Signal Processing},
  volume={62},
  number={16},
  pages={4114--4128},
  year={2014},
  publisher={IEEE}
}
